<?xml version="1.0" encoding="UTF-8"?>
<collection
  xmlns:xsi="http://www.w3.org/2001/XMLSchema-instance"
  xsi:schemaLocation="http://www.loc.gov/MARC21/slim http://www.loc.gov/standards/marcxml/schema/MARC21slim.xsd"
  xmlns="http://www.loc.gov/MARC21/slim">

<record>
  <leader>03314ckdaa2200505 a 4500</leader>
  <controlfield tag="001">3464644</controlfield>
  <controlfield tag="005">20081229121916.0</controlfield>
  <controlfield tag="008">010601s1915    xx |||  ||||||    | eng d</controlfield>
  <datafield tag="035" ind1=" " ind2=" ">
    <subfield code="a">(CStRLIN)NYDA01-F117</subfield>
  </datafield>
  <datafield tag="035" ind1=" " ind2=" ">
    <subfield code="a">(NNC-A)213.1</subfield>
  </datafield>
  <datafield tag="035" ind1=" " ind2=" ">
    <subfield code="9">AAB2744AD</subfield>
  </datafield>
  <datafield tag="035" ind1=" " ind2=" ">
    <subfield code="a">(NNC)3464644</subfield>
  </datafield>
  <datafield tag="040" ind1=" " ind2=" ">
    <subfield code="a">NNC-A</subfield>
    <subfield code="c">NNC-A</subfield>
    <subfield code="e">gihc</subfield>
  </datafield>
  <datafield tag="043" ind1=" " ind2=" ">
    <subfield code="a">n-us-ca</subfield>
  </datafield>
  <datafield tag="090" ind1=" " ind2=" ">
    <subfield code="h">12/31/99 N</subfield>
  </datafield>
  <datafield tag="100" ind1="1" ind2=" ">
    <subfield code="a">Hulbert, Leroy.</subfield>
  </datafield>
  <datafield tag="240" ind1="1" ind2="0">
    <subfield code="a">William R. Thorsen house (Berkeley, Calif.)</subfield>
  </datafield>
  <datafield tag="245" ind1="1" ind2="0">
    <subfield code="a">[William R. Thorsen house, Berkeley, Calif.]</subfield>
    <subfield code="h">[graphic] /</subfield>
    <subfield code="c">Leroy Hulbert [photographer]; [Greene &amp; Greene, architects]</subfield>
  </datafield>
  <datafield tag="260" ind1=" " ind2=" ">
    <subfield code="c">[circa 1915]</subfield>
  </datafield>
  <datafield tag="300" ind1=" " ind2=" ">
    <subfield code="a">9 photographic prints mounted on board :</subfield>
    <subfield code="b">brown tone ;</subfield>
    <subfield code="c">19.2 x 24.5 cm. (7 5/8 x 9 5/8 in.) or smaller, on mount 34.9 x 42.5 cm. (13 3/4 x 16 3/4 in.)</subfield>
  </datafield>
  <datafield tag="500" ind1=" " ind2=" ">
    <subfield code="a">Date and some image titles from: Greene &amp; Greene / Edward R. Bosley. London : Phaidon, 2000.</subfield>
  </datafield>
  <datafield tag="500" ind1=" " ind2=" ">
    <subfield code="a">Additional image titles supplied by: Robert Judson Clark.</subfield>
  </datafield>
  <datafield tag="545" ind1=" " ind2=" ">
    <subfield code="a">Bosley dates the house to 1908-10.</subfield>
  </datafield>
  <datafield tag="500" ind1=" " ind2=" ">
    <subfield code="a">Photos are possibly platinum/palladium prints.</subfield>
  </datafield>
  <datafield tag="500" ind1=" " ind2=" ">
    <subfield code="a">Signed on intermediary mounts, lower right: Leroy Hulbert. L.A.</subfield>
  </datafield>
  <datafield tag="561" ind1=" " ind2=" ">
    <subfield code="a">Gift made possible by Harwell Hamilton Harris. Accession number 1987.003.</subfield>
  </datafield>
  <datafield tag="580" ind1=" " ind2=" ">
    <subfield code="a">Forms part of the Greene &amp; Greene architectural drawings and photographs, Dept. of Drawings &amp; Archives, Avery Architectural and Fine Arts Library.</subfield>
  </datafield>
  <datafield tag="650" ind1=" " ind2="7">
    <subfield code="a">Houses.</subfield>
    <subfield code="2">aat</subfield>
  </datafield>
  <datafield tag="655" ind1=" " ind2="7">
    <subfield code="a">Photographic prints.</subfield>
    <subfield code="2">aat</subfield>
  </datafield>
  <datafield tag="651" ind1=" " ind2="0">
    <subfield code="a">Berkeley (Calif.)</subfield>
  </datafield>
  <datafield tag="610" ind1="2" ind2="0">
    <subfield code="a">William R. Thorsen house (Berkeley, Calif.)</subfield>
  </datafield>
  <datafield tag="700" ind1="1" ind2=" ">
    <subfield code="a">Thorsen, William R.</subfield>
  </datafield>
  <datafield tag="710" ind1="2" ind2=" ">
    <subfield code="a">Greene &amp; Greene.</subfield>
  </datafield>
  <datafield tag="773" ind1="0" ind2=" ">
    <subfield code="7">c2bc</subfield>
    <subfield code="a">Greene &amp; Greene.</subfield>
    <subfield code="t">Architectural drawings and photographs.</subfield>
    <subfield code="w">(CStRLIN)NYDA88-A56.</subfield>
  </datafield>
  <datafield tag="789" ind1="0" ind2=" ">
    <subfield code="l">[1]</subfield>
    <subfield code="i">NYDA.1987.003.00135.</subfield>
    <subfield code="t">[Front elevation].</subfield>
    <subfield code="p">18.5 x 24.5 cm. (7 3/8 x 9 5/8 in.).</subfield>
    <subfield code="o">Signed on intermediary mount, lower right.</subfield>
  </datafield>
  <datafield tag="789" ind1="0" ind2=" ">
    <subfield code="l">[2]</subfield>
    <subfield code="i">NYDA.1987.003.00136.</subfield>
    <subfield code="t">[Garden view showing timber bridge from main residence to garage].</subfield>
    <subfield code="p">18.8 x 24.3 cm. (7 1/2 x 9 5/8 in.).</subfield>
    <subfield code="o">Signed on intermediary mount, lower right.</subfield>
  </datafield>
  <datafield tag="789" ind1="0" ind2=" ">
    <subfield code="l">[3]</subfield>
    <subfield code="i">NYDA.1987.003.00137.</subfield>
    <subfield code="t">[Garden view from the southeast].</subfield>
    <subfield code="p">18.5 x 24.4 cm. (7 3/8 x 9 5/8 in.).</subfield>
    <subfield code="o">Signed on intermediary mount, lower right.</subfield>
  </datafield>
  <datafield tag="789" ind1="0" ind2=" ">
    <subfield code="l">[4]</subfield>
    <subfield code="i">NYDA.1987.003.00138.</subfield>
    <subfield code="t">[Backyard looking east].</subfield>
    <subfield code="p">19.2 x 24.5 cm. (7 5/8 x 9 5/8 in.).</subfield>
    <subfield code="o">Signed on intermediary mount, lower right.</subfield>
  </datafield>
  <datafield tag="789" ind1="0" ind2=" ">
    <subfield code="l">[5]</subfield>
    <subfield code="i">NYDA1987.003.00139.</subfield>
    <subfield code="t">[Entry hall and main staircase].</subfield>
    <subfield code="p">16.6 x 23.8 cm. (6 5/8 x 9 3/8 in.).</subfield>
    <subfield code="o">Signed on intermediary mount, lower right.</subfield>
  </datafield>
  <datafield tag="789" ind1="0" ind2=" ">
    <subfield code="l">[6]</subfield>
    <subfield code="i">NYDA.1987.003.00140.</subfield>
    <subfield code="t">[Living room, southeast view].</subfield>
    <subfield code="p">17.7 x 23.9 cm. (7 x 9 1/2 in.).</subfield>
    <subfield code="o">Signed on intermediary mount, lower right.</subfield>
  </datafield>
  <datafield tag="789" ind1="0" ind2=" ">
    <subfield code="l">[7]</subfield>
    <subfield code="i">NYDA.1987.003.00141.</subfield>
    <subfield code="t">[Living room, northeast view].</subfield>
    <subfield code="p">17.9 x 24.3 cm. (7 1/8 x 9 5/8 in.).</subfield>
    <subfield code="o">Signed on intermediary mount, lower right.</subfield>
  </datafield>
  <datafield tag="789" ind1="0" ind2=" ">
    <subfield code="l">[8]</subfield>
    <subfield code="i">NYDA.1987.003.00142.</subfield>
    <subfield code="t">[Dining room].</subfield>
    <subfield code="p">19 x 24.5 cm. (7 1/2 x 9 5/8 in.).</subfield>
    <subfield code="o">Signed on intermediary mount, lower right.</subfield>
  </datafield>
  <datafield tag="789" ind1="0" ind2=" ">
    <subfield code="l">[9]</subfield>
    <subfield code="i">NYDA.1987.003.00143.</subfield>
    <subfield code="t">[Basement room under living room].</subfield>
    <subfield code="p">17.8 x 24.5 cm. (7 1/8 x 9 5/8 in.).</subfield>
    <subfield code="o">Signed on intermediary mount, lower right.</subfield>
  </datafield>
  <datafield tag="852" ind1=" " ind2=" ">
    <subfield code="a">Columbia University</subfield>
    <subfield code="b">Avery Architectural and Fine Arts Library, Dept. of Drawings &amp; Archives</subfield>
    <subfield code="e">1172Amsterdam Avenue, MC 0301, New York, NY 10027.</subfield>
  </datafield>
  <datafield tag="900" ind1=" " ind2=" ">
    <subfield code="a">AUTH</subfield>
  </datafield>
</record>

</collection>